<record xmlns="http://www.loc.gov/MARC21/slim" xmlns:xsi="http://www.w3.org/2001/XMLSchema-instance" xsi:schemaLocation="http://www.loc.gov/MARC21/slim http://www.loc.gov/standards/marcxml/schema/MARC21slim.xsd"><leader>00873cz   2200217n  4500</leader><controlfield tag="001">oca00438614 </controlfield><controlfield tag="005">19960118054033.7</controlfield><controlfield tag="008">801105n| acannaab|          |a aaa      </controlfield><datafield ind1=" " ind2=" " tag="010"><subfield code="a">n  80056870 </subfield></datafield><datafield ind1=" " ind2=" " tag="040"><subfield code="a">DLC</subfield><subfield code="c">DLC</subfield><subfield code="d">DLC</subfield><subfield code="d">CU</subfield><subfield code="d">NjP</subfield></datafield><datafield ind1="0" ind2=" " tag="100"><subfield code="a">Paul,</subfield><subfield code="c">the Deacon,</subfield><subfield code="d">ca. 720-799?</subfield></datafield><datafield ind1="1" ind2=" " tag="400"><subfield code="a">Warnefridus, Paulus Diaconus,</subfield><subfield code="d">ca. 720-799?</subfield></datafield><datafield ind1="0" ind2=" " tag="400"><subfield code="a">Paulus,</subfield><subfield code="c">Diaconus,</subfield><subfield code="d">ca. 720-799?</subfield></datafield><datafield ind1="0" ind2=" " tag="400"><subfield code="a">Paolo,</subfield><subfield code="c">Diacono,</subfield><subfield code="d">ca. 720-799?</subfield></datafield><datafield ind1="1" ind2=" " tag="400"><subfield code="a">Warnefrido, Paolo,</subfield><subfield code="d">ca. 720-799?</subfield></datafield><datafield ind1="0" ind2=" " tag="400"><subfield code="a">Paulus Diaconus,</subfield><subfield code="d">720 (ca.)-797?</subfield><subfield code="w">nnaa</subfield></datafield><datafield ind1="0" ind2=" " tag="400"><subfield code="a">Paulus,</subfield><subfield code="c">Diakonus,</subfield><subfield code="d">ca. 720-799?</subfield></datafield><datafield ind1="0" ind2=" " tag="400"><subfield code="a">Paul,</subfield><subfield code="c">Diacre,</subfield><subfield code="d">ca. 720-799?</subfield></datafield><datafield ind1=" " ind2=" " tag="670"><subfield code="a">His De gestis Langobardorum, 1515</subfield></datafield><datafield ind1=" " ind2=" " tag="670"><subfield code="a">His Geschichte der langobarden, c1986:</subfield><subfield code="b">t.p. (Paul Diakonus)</subfield></datafield><datafield ind1=" " ind2=" " tag="670"><subfield code="a">Paul Diacre, c1994:</subfield><subfield code="b">p. 5, etc. (b. in the 720's probably after 725; d. end of the 8th centruy, around 797 or a little after)</subfield></datafield></record>